<record><leader>00000cas a22000007a 4500</leader><controlfield tag="001">2252322</controlfield><controlfield tag="008">760620d19661976sduzn ne      0    0eng d</controlfield><controlfield tag="009">501</controlfield><datafield ind1=" " ind2=" " tag="010"><subfield code="a">sn 89074996 </subfield></datafield><datafield ind1=" " ind2=" " tag="040"><subfield code="a">MUL</subfield><subfield code="b">eng</subfield><subfield code="c">MUL</subfield><subfield code="d">NOP</subfield></datafield><datafield ind1="1" ind2=" " tag="029"><subfield code="a">AU@</subfield><subfield code="b">000025875974</subfield></datafield><datafield ind1=" " ind2=" " tag="042"><subfield code="a">msc</subfield></datafield><datafield ind1="0" ind2="4" tag="245"><subfield code="a">The Dakota scene.</subfield></datafield><datafield ind1=" " ind2=" " tag="260"><subfield code="a">Devils Lake, N.D. :</subfield><subfield code="b">Ness Press,</subfield></datafield><datafield ind1=" " ind2=" " tag="300"><subfield code="a">10 v. :</subfield><subfield code="b">ill. ;</subfield><subfield code="c">45 cm.</subfield></datafield><datafield ind1=" " ind2=" " tag="310"><subfield code="a">Monthly (Jan.-Apr., Sept.-Dec.); Semimonthly (May-Aug.)</subfield><subfield code="b">Oct.? 1970-May 17, 1976.</subfield></datafield><datafield ind1=" " ind2=" " tag="321"><subfield code="a">Weekly</subfield><subfield code="b">Sept. 19, 1966-June 24, 1968</subfield></datafield><datafield ind1=" " ind2=" " tag="321"><subfield code="a">Monthly</subfield><subfield code="b">July 1968-Sept.? 1970</subfield></datafield><datafield ind1="0" ind2=" " tag="362"><subfield code="a">Vol. 1, no. 1 (Sept. 19, 1966)-v. 10, no. 6 (May 17, 1976).</subfield></datafield><datafield ind1=" " ind2=" " tag="500"><subfield code="a">The "outdoors" newspaper.</subfield></datafield><datafield ind1=" " ind2=" " tag="500"><subfield code="a">Printed in Fordville, N.D., Sept. 19, 1966-Sept.? 1970.</subfield></datafield><datafield ind1=" " ind2=" " tag="500"><subfield code="a">Published in Wecota, S.D., Oct.? 1970-May 17, 1976.</subfield></datafield><datafield ind1=" " ind2=" " tag="530"><subfield code="a">Available on microfilm from the State Historical Society of North Dakota.</subfield></datafield><datafield ind1=" " ind2=" " tag="752"><subfield code="a">United States</subfield><subfield code="b">South Dakota</subfield><subfield code="c">Faulk</subfield><subfield code="d">Wecota.</subfield></datafield><datafield ind1=" " ind2=" " tag="752"><subfield code="a">United States</subfield><subfield code="b">North Dakota</subfield><subfield code="c">Ramsey</subfield><subfield code="d">Devils Lake.</subfield></datafield><datafield ind1=" " ind2=" " tag="752"><subfield code="a">United States</subfield><subfield code="b">North Dakota</subfield><subfield code="c">Walsh</subfield><subfield code="d">Fordville.</subfield></datafield><datafield ind1="0" ind2="0" tag="785"><subfield code="t">Jerry Nygaard's Dakota scene</subfield><subfield code="w">(DLC)sn 89074997</subfield></datafield></record>